@inproceedings{cobham1964intrinsic,
  title={The intrinsic computational difficulty of functions},
  author={COBHAM, A},
  booktitle={Proc. 1964 Congress for Logic, Methodology, and the Philosophy of Science},
  pages={24--30},
  year={1964},
  organization={North-Holland}
}

@article{edmonds1965paths,
  title={Paths, trees, and flowers},
  author={Edmonds, Jack},
  journal={Canadian Journal of mathematics},
  volume={17},
  pages={449--467},
  year={1965},
  publisher={Cambridge University Press}
}

@article{hartmanis1965computational,
  title={On the computational complexity of algorithms},
  author={Hartmanis, Juris and Stearns, Richard E},
  journal={Transactions of the American Mathematical Society},
  volume={117},
  pages={285--306},
  year={1965},
  publisher={JSTOR}
}


%%%%%%%%%%%%%%%%%%%%%%%%%%%%%%%%%%%%%%%%%%

@article{mcculloch1943logical,
  title={A logical calculus of the ideas immanent in nervous activity},
  author={McCulloch, Warren S and Pitts, Walter},
  journal={The bulletin of mathematical biophysics},
  volume={5},
  number={4},
  pages={115--133},
  year={1943},
  publisher={Springer}
}

@article{shimbel1948statistical,
  title={A statistical approach to the theory of the central nervous system},
  author={Shimbel, Alfonso and Rapoport, Anatol},
  journal={The bulletin of mathematical biophysics},
  volume={10},
  number={1},
  pages={41--55},
  year={1948},
  publisher={Springer}
}

@article{rapoport1948cycle,
  title={Cycle distributions in random nets},
  author={Rapoport, Anatol},
  journal={The bulletin of mathematical biophysics},
  volume={10},
  number={3},
  pages={145--157},
  year={1948},
  publisher={Springer}
}

@inproceedings{sol:50struct,
  author={Solomonoff, R.J. and Rapoport, A.},
  title={Structure of Random Nets},
  Booktitle={Proc. Int. Cong. Mathematicians},
  year={1950},
  pages={674-5},
  publisher={American Mathematical Society},
  address={Providence, R.I.},
}

@article{sol:51connect,
  author={Solomonoff, R.J. and Rapoport, A.},
  title={Connectivity of Random Nets},
  journal={Bulletin of Mathematical Biophysics},
  year={1951},
  volume={13},
  number={2},
  pages={107--117},
}

@article{sol:52exact,
  author={Solomonoff, R.J.},
  title={An Exact Method for the Computation of the Connectivity of Random Nets},
  journal={Bulletin of Mathematical Biophysics},
  year={1952},
  volume={14},
  number={2},
  pages={153-157},
}

@article{erdos1959random,
  title={On random graphs},
  author={Erd{\"o}s, Paul and R{\'e}nyi, Alfr{\'e}d and others},
  journal={Publicationes mathematicae},
  volume={6},
  number={26},
  pages={290--297},
  year={1959}
}

@article{erdHos1960evolution,
  title={On the evolution of random graphs},
  author={Erd{\H{o}}s, Paul and R{\'e}nyi, Alfr{\'e}d},
  journal={Publ. Math. Inst. Hung. Acad. Sci},
  volume={5},
  number={1},
  pages={17--60},
  year={1960}
}

@article{erdHos1961strength,
  title={On the strength of connectedness of a random graph},
  author={Erd{\H{o}}s, Paul and R{\'e}nyi, Alfr{\'e}d},
  journal={Acta Mathematica Hungarica},
  volume={12},
  number={1-2},
  pages={261--267},
  year={1961},
  publisher={Akad{\'e}miai Kiad{\'o}, co-published with Springer Science+ Business Media BV~â€¦}
}

@article{molloy1995critical,
  title={A critical point for random graphs with a given degree sequence},
  author={Molloy, Michael and Reed, Bruce},
  journal={Random structures \& algorithms},
  volume={6},
  number={2-3},
  pages={161--180},
  year={1995},
  publisher={Wiley Online Library}
}


















%%%%%%%%%%%%%% C14 %%%%%%%%%%%%%%

@article{DBLP:journals/stvr/Choi14,
  author    = {Yunja Choi},
  title     = {Model checking Trampoline {OS:} a case study on safety analysis for
               automotive software},
  journal   = {Softw. Test., Verif. Reliab.},
  volume    = {24},
  number    = {1},
  pages     = {38--60},
  year      = {2014},
  url       = {https://doi.org/10.1002/stvr.1482},
  doi       = {10.1002/stvr.1482},
  timestamp = {Sun, 28 May 2017 13:23:53 +0200},
  biburl    = {https://dblp.org/rec/bib/journals/stvr/Choi14},
  bibsource = {dblp computer science bibliography, https://dblp.org}
}

%%%%%%%%%%%%%%% CDALD05 %%%%%%%%%%%%%%%

@inproceedings{DBLP:conf/pdcs/ChabrolDALD05,
  author    = {Damien Chabrol and
               Vincent David and
               Christophe Aussagu{\`{e}}s and
               St{\'{e}}phane Louise and
               Fr{\'{e}}d{\'{e}}ric Daumas},
  title     = {Deterministic Distributed Safety-Critical Real-Time Systems within
               the Oasis Approach},
  booktitle = {International Conference on Parallel and Distributed Computing Systems,
               {PDCS} 2005, November 14-16, 2005, Phoenix, AZ, {USA}},
  pages     = {260--268},
  year      = {2005},
  crossref  = {DBLP:conf/pdcs/2005},
  timestamp = {Tue, 26 Sep 2006 13:38:54 +0200},
  biburl    = {https://dblp.org/rec/bib/conf/pdcs/ChabrolDALD05},
  bibsource = {dblp computer science bibliography, https://dblp.org}
}
@proceedings{DBLP:conf/pdcs/2005,
  editor    = {S. Q. Zheng},
  title     = {International Conference on Parallel and Distributed Computing Systems,
               {PDCS} 2005, November 14-16, 2005, Phoenix, AZ, {USA}},
  publisher = {{IASTED/ACTA} Press},
  year      = {2005},
  isbn      = {0-88986-525-6},
  timestamp = {Tue, 26 Sep 2006 13:38:54 +0200},
  biburl    = {https://dblp.org/rec/bib/conf/pdcs/2005},
  bibsource = {dblp computer science bibliography, https://dblp.org}
}

%%%%%%%%%%%% CMSV18 %%%%%%%%%%%%

@inproceedings{DBLP:conf/europar/CanonMSV18,
  author    = {Louis{-}Claude Canon and
               Loris Marchal and
               Bertrand Simon and
               Fr{\'{e}}d{\'{e}}ric Vivien},
  title     = {Online Scheduling of Task Graphs on Hybrid Platforms},
  booktitle = {Euro-Par 2018: Parallel Processing - 24th International Conference
               on Parallel and Distributed Computing, Turin, Italy, August 27-31,
               2018, Proceedings},
  pages     = {192--204},
  year      = {2018},
  crossref  = {DBLP:conf/europar/2018},
  url       = {https://doi.org/10.1007/978-3-319-96983-1\_14},
  doi       = {10.1007/978-3-319-96983-1\_14},
  timestamp = {Tue, 14 May 2019 10:00:46 +0200},
  biburl    = {https://dblp.org/rec/bib/conf/europar/CanonMSV18},
  bibsource = {dblp computer science bibliography, https://dblp.org}
}
@proceedings{DBLP:conf/europar/2018,
  editor    = {Marco Aldinucci and
               Luca Padovani and
               Massimo Torquati},
  title     = {Euro-Par 2018: Parallel Processing - 24th International Conference
               on Parallel and Distributed Computing, Turin, Italy, August 27-31,
               2018, Proceedings},
  series    = {Lecture Notes in Computer Science},
  volume    = {11014},
  publisher = {Springer},
  year      = {2018},
  url       = {https://doi.org/10.1007/978-3-319-96983-1},
  doi       = {10.1007/978-3-319-96983-1},
  isbn      = {978-3-319-96982-4},
  timestamp = {Tue, 14 May 2019 10:00:46 +0200},
  biburl    = {https://dblp.org/rec/bib/conf/europar/2018},
  bibsource = {dblp computer science bibliography, https://dblp.org}
}

%%%%%%%%%%%%%%%%%%  CPSL12  %%%%%%%%%%%%%%%%%%%%%%%

@article{DBLP:journals/lites/CarlePSL15,
  author    = {Thomas Carle and
               Dumitru Potop{-}Butucaru and
               Yves Sorel and
               David Lesens},
  title     = {From Dataflow Specification to Multiprocessor Partitioned Time-triggered
               Real-time Implementation},
  journal   = {{LITES}},
  volume    = {2},
  number    = {2},
  pages     = {01:1--01:30},
  year      = {2015},
  url       = {https://doi.org/10.4230/LITES-v002-i002-a001},
  doi       = {10.4230/LITES-v002-i002-a001},
  timestamp = {Sun, 28 May 2017 13:25:30 +0200},
  biburl    = {https://dblp.org/rec/bib/journals/lites/CarlePSL15},
  bibsource = {dblp computer science bibliography, https://dblp.org}
}

%%%%%%%%%%%%%%%  CVGP08  %%%%%%%%%%%%%%%%%

@inproceedings{camus:insu-02270095,
  TITLE = {{A verifiable architecture for multi-task, multi-rate synchronous software}},
  AUTHOR = {Camus, Jean-Louis and Vincent, Pierre and Graff, Olivier and Poussard, Sebastien},
  URL = {https://hal-insu.archives-ouvertes.fr/insu-02270095},
  BOOKTITLE = {{Embedded Real Time Software and Systems (ERTS2008)}},
  ADDRESS = {toulouse, France},
  YEAR = {2008},
  MONTH = Jan,
  KEYWORDS = {software ; embedded ; synchronous ; real- time ; scheduling},
  PDF = {https://hal-insu.archives-ouvertes.fr/insu-02270095/file/ERTS2008_0038_paper.pdf},
  HAL_ID = {insu-02270095},
  HAL_VERSION = {v1},
}

%%%%%%%%%%%%%%  DB11  %%%%%%%%%%%%%%%%%%

@article{DBLP:journals/csur/DavisB11,
  author    = {Robert I. Davis and
               Alan Burns},
  title     = {A survey of hard real-time scheduling for multiprocessor systems},
  journal   = {{ACM} Comput. Surv.},
  volume    = {43},
  number    = {4},
  pages     = {35:1--35:44},
  year      = {2011},
  url       = {https://doi.org/10.1145/1978802.1978814},
  doi       = {10.1145/1978802.1978814},
  timestamp = {Fri, 30 Nov 2018 12:48:46 +0100},
  biburl    = {https://dblp.org/rec/bib/journals/csur/DavisB11},
  bibsource = {dblp computer science bibliography, https://dblp.org}
}

%%%%%%%%%%%%%%%  DD10  %%%%%%%%%%%%%%%%%

@inproceedings{destelle:hal-02267646,
  TITLE = {{Deterministic scheduling reconciles cache with preemption for WCET estimation}},
  AUTHOR = {Destelle, M and Dufour, J.-L},
  URL = {https://hal.archives-ouvertes.fr/hal-02267646},
  BOOKTITLE = {{ERTS2 2010, Embedded Real Time Software \& Systems}},
  ADDRESS = {Toulouse, France},
  YEAR = {2010},
  MONTH = May,
  KEYWORDS = {robust partitioning ; lock-free communication ; cache memory ; WCET ; preemptive scheduling},
  PDF = {https://hal.archives-ouvertes.fr/hal-02267646/file/3B-2.pdf},
  HAL_ID = {hal-02267646},
  HAL_VERSION = {v1},
}

%%%%%%%%%%%%%%  G72  %%%%%%%%%%%%%%%%%%

@inproceedings{DBLP:conf/afips/Graham72,
  author    = {Ronald L. Graham},
  title     = {Bounds on multiprocessing anomalies and related packing algorithms},
  booktitle = {American Federation of Information Processing Societies: {AFIPS} Conference
               Proceedings: 1972 Spring Joint Computer Conference, Atlantic City,
               NJ, USA, May 16-18, 1972},
  pages     = {205--217},
  year      = {1972},
  crossref  = {DBLP:conf/afips/1972s},
  url       = {https://doi.org/10.1145/1478873.1478901},
  doi       = {10.1145/1478873.1478901},
  timestamp = {Tue, 06 Nov 2018 16:58:07 +0100},
  biburl    = {https://dblp.org/rec/bib/conf/afips/Graham72},
  bibsource = {dblp computer science bibliography, https://dblp.org}
}
@proceedings{DBLP:conf/afips/1972s,
  title     = {American Federation of Information Processing Societies: {AFIPS} Conference
               Proceedings: 1972 Spring Joint Computer Conference, Atlantic City,
               NJ, USA, May 16-18, 1972},
  series    = {{AFIPS} Conference Proceedings},
  volume    = {40},
  publisher = {{AFIPS}},
  year      = {1972},
  timestamp = {Thu, 14 Feb 2013 14:41:14 +0100},
  biburl    = {https://dblp.org/rec/bib/conf/afips/1972s},
  bibsource = {dblp computer science bibliography, https://dblp.org}
}

%%%%%%%%%%%%%%  GHN08  %%%%%%%%%%%%%%%%%%

@inproceedings{grenier:insu-02270103,
  TITLE = {{Pushing the limits of CAN - scheduling frames with offsets provides a major performance boost}},
  AUTHOR = {Grenier, Mathieu and Havet, Lionel and Navet, Nicolas},
  URL = {https://hal-insu.archives-ouvertes.fr/insu-02270103},
  BOOKTITLE = {{Embedded Real Time Software and Systems (ERTS2008)}},
  ADDRESS = {toulouse, France},
  YEAR = {2008},
  MONTH = Jan,
  KEYWORDS = {Controller Area Network ; message scheduling ; offsets ; response times ; resource optimization},
  PDF = {https://hal-insu.archives-ouvertes.fr/insu-02270103/file/ERTS2008_0047_paper.pdf},
  HAL_ID = {insu-02270103},
  HAL_VERSION = {v1},
}

%%%%%%%%%%%%%%%  K20  %%%%%%%%%%%%%%%%%

@online{krono-safe,
  title = {KRONO-SAFE. Asterios product},
  url = {https://www.krono-safe.com/asterios},
  urldate = {2020-01-31}}
  
%%%%%%%%%%%%%%%%%  KS12  %%%%%%%%%%%%%%%

@inproceedings{DBLP:conf/birthday/KirschS12,
  author    = {Christoph M. Kirsch and
               Ana Sokolova},
  title     = {The Logical Execution Time Paradigm},
  booktitle = {Advances in Real-Time Systems (to Georg F{\"{a}}rber on the occasion
               of his appointment as Professor Emeritus at {TU} M{\"{u}}nchen
               after leading the Lehrstuhl f{\"{u}}r Realzeit-Computersysteme
               for 34 illustrious years)},
  pages     = {103--120},
  year      = {2012},
  crossref  = {DBLP:conf/birthday/2012faerber},
  url       = {https://doi.org/10.1007/978-3-642-24349-3\_5},
  doi       = {10.1007/978-3-642-24349-3\_5},
  timestamp = {Tue, 23 May 2017 01:06:45 +0200},
  biburl    = {https://dblp.org/rec/bib/conf/birthday/KirschS12},
  bibsource = {dblp computer science bibliography, https://dblp.org}
}
@proceedings{DBLP:conf/birthday/2012faerber,
  editor    = {Samarjit Chakraborty and
               J{\"{o}}rg Ebersp{\"{a}}cher},
  title     = {Advances in Real-Time Systems (to Georg F{\"{a}}rber on the occasion
               of his appointment as Professor Emeritus at {TU} M{\"{u}}nchen
               after leading the Lehrstuhl f{\"{u}}r Realzeit-Computersysteme
               for 34 illustrious years)},
  publisher = {Springer},
  year      = {2012},
  isbn      = {978-3-642-24348-6},
  timestamp = {Tue, 28 Feb 2012 08:15:02 +0100},
  biburl    = {https://dblp.org/rec/bib/conf/birthday/2012faerber},
  bibsource = {dblp computer science bibliography, https://dblp.org}
}

%%%%%%%%%%%%%%% LL73 %%%%%%%%%%%%%

@article{DBLP:journals/jacm/LiuL73,
  author    = {C. L. Liu and
               James W. Layland},
  title     = {Scheduling Algorithms for Multiprogramming in a Hard-Real-Time Environment},
  journal   = {J. {ACM}},
  volume    = {20},
  number    = {1},
  pages     = {46--61},
  year      = {1973},
  url       = {http://doi.acm.org/10.1145/321738.321743},
  doi       = {10.1145/321738.321743},
  timestamp = {Wed, 14 Nov 2018 10:35:24 +0100},
  biburl    = {https://dblp.org/rec/bib/journals/jacm/LiuL73},
  bibsource = {dblp computer science bibliography, https://dblp.org}
}

%%%%%%%%%%%%%%%  MH05  %%%%%%%%%%%%%%%%%

@inproceedings{DBLP:conf/rtss/MaticH05,
  author    = {Slobodan Matic and
               Thomas A. Henzinger},
  title     = {Trading End-to-End Latency for Composability},
  booktitle = {Proceedings of the 26th {IEEE} Real-Time Systems Symposium {(RTSS}
               2005), 6-8 December 2005, Miami, FL, {USA}},
  pages     = {99--110},
  year      = {2005},
  crossref  = {DBLP:conf/rtss/2005},
  url       = {https://doi.org/10.1109/RTSS.2005.43},
  doi       = {10.1109/RTSS.2005.43},
  timestamp = {Wed, 16 Oct 2019 14:14:53 +0200},
  biburl    = {https://dblp.org/rec/bib/conf/rtss/MaticH05},
  bibsource = {dblp computer science bibliography, https://dblp.org}
}
@proceedings{DBLP:conf/rtss/2005,
  title     = {Proceedings of the 26th {IEEE} Real-Time Systems Symposium {(RTSS}
               2005), 6-8 December 2005, Miami, FL, {USA}},
  publisher = {{IEEE} Computer Society},
  year      = {2005},
  url       = {https://ieeexplore.ieee.org/xpl/conhome/10450/proceeding},
  isbn      = {0-7695-2490-7},
  timestamp = {Wed, 16 Oct 2019 14:14:53 +0200},
  biburl    = {https://dblp.org/rec/bib/conf/rtss/2005},
  bibsource = {dblp computer science bibliography, https://dblp.org}
}

%%%%%%%%%%%%%%%  MRRGAD19  %%%%%%%%%%%%%%%%%

@article{DBLP:journals/csur/MaizaRRGAD19,
  author    = {Claire Maiza and
               Hamza Rihani and
               Juan Maria Rivas and
               Jo{\"{e}}l Goossens and
               Sebastian Altmeyer and
               Robert I. Davis},
  title     = {A Survey of Timing Verification Techniques for Multi-Core Real-Time
               Systems},
  journal   = {{ACM} Comput. Surv.},
  volume    = {52},
  number    = {3},
  pages     = {56:1--56:38},
  year      = {2019},
  url       = {https://doi.org/10.1145/3323212},
  doi       = {10.1145/3323212},
  timestamp = {Thu, 08 Aug 2019 15:59:13 +0200},
  biburl    = {https://dblp.org/rec/bib/journals/csur/MaizaRRGAD19},
  bibsource = {dblp computer science bibliography, https://dblp.org}
}

%%%%%%%%%%%%%%%  SS05  %%%%%%%%%%%%%%%%%

@article{DBLP:journals/tpds/SinnenS05,
  author    = {Oliver Sinnen and
               Leonel Sousa},
  title     = {Communication Contention in Task Scheduling},
  journal   = {{IEEE} Trans. Parallel Distrib. Syst.},
  volume    = {16},
  number    = {6},
  pages     = {503--515},
  year      = {2005},
  url       = {https://doi.org/10.1109/TPDS.2005.64},
  doi       = {10.1109/TPDS.2005.64},
  timestamp = {Fri, 09 Jun 2017 11:02:51 +0200},
  biburl    = {https://dblp.org/rec/bib/journals/tpds/SinnenS05},
  bibsource = {dblp computer science bibliography, https://dblp.org}
}

%%%%%%%%%%%%%%%%  ZMZ16   %%%%%%%%%%%%%%%%%%%%%

@inproceedings{DBLP:conf/icfem/ZhangMZ16,
  author    = {Min Zhang and
               Fr{\'{e}}d{\'{e}}ric Mallet and
               Huibiao Zhu},
  title     = {An SMT-Based Approach to the Formal Analysis of {MARTE/CCSL}},
  booktitle = {Formal Methods and Software Engineering - 18th International Conference
               on Formal Engineering Methods, {ICFEM} 2016, Tokyo, Japan, November
               14-18, 2016, Proceedings},
  pages     = {433--449},
  year      = {2016},
  crossref  = {DBLP:conf/icfem/2016},
  url       = {https://doi.org/10.1007/978-3-319-47846-3\_27},
  doi       = {10.1007/978-3-319-47846-3\_27},
  timestamp = {Tue, 14 May 2019 10:00:50 +0200},
  biburl    = {https://dblp.org/rec/bib/conf/icfem/ZhangMZ16},
  bibsource = {dblp computer science bibliography, https://dblp.org}
}
@proceedings{DBLP:conf/icfem/2016,
  editor    = {Kazuhiro Ogata and
               Mark Lawford and
               Shaoying Liu},
  title     = {Formal Methods and Software Engineering - 18th International Conference
               on Formal Engineering Methods, {ICFEM} 2016, Tokyo, Japan, November
               14-18, 2016, Proceedings},
  series    = {Lecture Notes in Computer Science},
  volume    = {10009},
  year      = {2016},
  url       = {https://doi.org/10.1007/978-3-319-47846-3},
  doi       = {10.1007/978-3-319-47846-3},
  isbn      = {978-3-319-47845-6},
  timestamp = {Tue, 14 May 2019 10:00:50 +0200},
  biburl    = {https://dblp.org/rec/bib/conf/icfem/2016},
  bibsource = {dblp computer science bibliography, https://dblp.org}
}

%%%%%%%%%%%%%%%%%%%%

@article{DBLP:journals/tecs/CotardQBFT15,
  author    = {Sylvain Cotard and
               Audrey Queudet and
               Jean{-}Luc B{\'{e}}chennec and
               S{\'{e}}bastien Faucou and
               Yvon Trinquet},
  title     = {{STM-HRT:} {A} Robust and Wait-Free {STM} for Hard Real-Time Multicore
               Embedded Systems},
  journal   = {{ACM} Trans. Embedded Comput. Syst.},
  volume    = {14},
  number    = {4},
  pages     = {66:1--66:25},
  year      = {2015},
  url       = {https://doi.org/10.1145/2786979},
  doi       = {10.1145/2786979},
  timestamp = {Tue, 06 Nov 2018 12:51:54 +0100},
  biburl    = {https://dblp.org/rec/bib/journals/tecs/CotardQBFT15},
  bibsource = {dblp computer science bibliography, https://dblp.org}
}

%%%%%%%%%%%%%%%%%%%%%%%%%%%%%%%%
